@inproceedings{kortenkamp2008procedure,
  title={A procedure representation language for human spaceflight operations},
  author={Kortenkamp, David and Bonasso, R Peter and Schreckenghost, Debra and Dalal, K Michael and Verma, Vandi and Wang, Lui},
  booktitle={Proceedings of the 9th International Symposium on Artificial Intelligence, Robotics and Automation in Space (i-SAIRAS-08)},
  year={2008}
}

@inproceedings{frank2010plans,
  title={When plans are executed by mice and men},
  author={Frank, Jeremy},
  booktitle={Aerospace Conference, 2010 IEEE},
  pages={1--14},
  year={2010},
  organization={IEEE}
}